<record><leader>00000cas a2200000 a 4500</leader><controlfield tag="001">21891827</controlfield><controlfield tag="008">900621c19909999deuwr ne      0   a0eng d</controlfield><datafield ind1=" " ind2=" " tag="010"><subfield code="a">sn 91003190 </subfield></datafield><datafield ind1=" " ind2=" " tag="040"><subfield code="a">DLM</subfield><subfield code="b">eng</subfield><subfield code="c">DLM</subfield><subfield code="d">NSD</subfield><subfield code="d">OCLCQ</subfield></datafield><datafield ind1=" " ind2=" " tag="012"><subfield code="m">1</subfield></datafield><datafield ind1="1" ind2=" " tag="022"><subfield code="a">1056-7658</subfield><subfield code="l">1056-7658</subfield><subfield code="2">1</subfield></datafield><datafield ind1=" " ind2=" " tag="032"><subfield code="a">006465</subfield><subfield code="b">USPS</subfield></datafield><datafield ind1=" " ind2=" " tag="037"><subfield code="b">The Post, Chesapeake Pub. Corp., Robscott Bldg., 153 E. Chestnut Hill Rd., Newark, DE 19713</subfield></datafield><datafield ind1=" " ind2=" " tag="042"><subfield code="a">nsdp</subfield><subfield code="a">msc</subfield></datafield><datafield ind1=" " ind2=" " tag="043"><subfield code="a">n-us-de</subfield></datafield><datafield ind1="0" ind2=" " tag="130"><subfield code="a">Post (Newark, Del. : 1990)</subfield></datafield><datafield ind1=" " ind2="4" tag="222"><subfield code="a">The Post</subfield><subfield code="b">(Newark, Del. 1990)</subfield></datafield><datafield ind1="1" ind2="4" tag="245"><subfield code="a">The Post.</subfield></datafield><datafield ind1=" " ind2=" " tag="260"><subfield code="a">Newark, Del. :</subfield><subfield code="b">Chesapeake Pub. Co.</subfield></datafield><datafield ind1=" " ind2=" " tag="300"><subfield code="a">v. :</subfield><subfield code="b">ill. ;</subfield><subfield code="c">57 cm.</subfield></datafield><datafield ind1="1" ind2=" " tag="362"><subfield code="a">Began with Apr. 5, 1990 issue?</subfield></datafield><datafield ind1=" " ind2=" " tag="588"><subfield code="a">Description based on: Vol. 80, no. 15 (Apr. 26, 1990); title from caption.</subfield></datafield><datafield ind1=" " ind2=" " tag="588"><subfield code="a">Latest issue consulted: Feb. 14, 1991.</subfield></datafield><datafield ind1=" " ind2=" " tag="752"><subfield code="a">United States</subfield><subfield code="b">Delaware</subfield><subfield code="c">New Castle</subfield><subfield code="d">Newark.</subfield></datafield><datafield ind1="0" ind2="0" tag="780"><subfield code="t">NewArk post (1985)</subfield></datafield></record>